<?xml version="1.0" encoding="UTF-8"?><record xmlns="http://www.loc.gov/MARC21/slim" xmlns:cinclude="http://apache.org/cocoon/include/1.0" xmlns:zs="http://www.loc.gov/zing/srw/">
  <leader>00464nz  a2200133n  4500</leader>
  <controlfield tag="001">no2002043406</controlfield>
  <controlfield tag="003">DLC</controlfield>
  <controlfield tag="005">20020521052908.0</controlfield>
  <controlfield tag="008">020520n| acannaab            n aaa     c</controlfield>
  <datafield tag="010" ind1=" " ind2=" ">
    <subfield code="a">no2002043406</subfield>
  </datafield>
  <datafield tag="035" ind1=" " ind2=" ">
    <subfield code="a">(OCoLC)oca05767078</subfield>
  </datafield>
  <datafield tag="040" ind1=" " ind2=" ">
    <subfield code="a">RPB</subfield>
    <subfield code="b">eng</subfield>
    <subfield code="c">RPB</subfield>
  </datafield>
  <datafield tag="100" ind1="1" ind2=" ">
    <subfield code="a">Marconi, Silvio,</subfield>
    <subfield code="d">1954-</subfield>
  </datafield>
  <datafield tag="670" ind1=" " ind2=" ">
    <subfield code="a">Fichi e frutto del sicomoro, 2001:</subfield>
    <subfield code="b">t.p. (Silvio Marconi) p. 4 of cover (b. Rome, 1954; author of Parole e versi tra zagare e rais, Banditi e banditori, and others)</subfield>
  </datafield>
</record>